@misc{betancourt2020,
  title={Towards A Principled Bayesian Workflow},
  url={betanalpha.github.io},
  journal={betanalpha},
  author={Betancourt, Michael},
  year={2020},
  month={Apr}
}

@article{gelman2006prior,
  title={Prior distributions for variance parameters in hierarchical models (comment on article by Browne and Draper)},
  author={Gelman, Andrew and others},
  journal={Bayesian analysis},
  volume={1},
  number={3},
  pages={515--534},
  year={2006},
  publisher={International Society for Bayesian Analysis}
}

@book{gelman2006data,
  title={Data analysis using regression and multilevel/hierarchical models},
  author={Gelman, Andrew and Hill, Jennifer},
  year={2006},
  publisher={Cambridge university press}
}

@article{gelman2008weakly,
  title={A weakly informative default prior distribution for logistic and other regression models},
  author={Gelman, Andrew and Jakulin, Aleks and Pittau, Maria Grazia and Su, Yu-Sung and others},
  journal={The annals of applied statistics},
  volume={2},
  number={4},
  pages={1360--1383},
  year={2008},
  publisher={Institute of Mathematical Statistics}
}

@book{mcelreath2020statistical,
  title={Statistical rethinking: A Bayesian course with examples in R and Stan},
  author={McElreath, Richard},
  year={2020},
  publisher={CRC press}
}

@article{stone2001now,
  title={When is now? Perception of simultaneity},
  author={Stone, JV and Hunkin, NM and Porrill, J and Wood, R and Keeler, V and Beanland, M and Port, M and Porter, NR},
  journal={Proceedings of the Royal Society of London. Series B: Biological Sciences},
  volume={268},
  number={1462},
  pages={31--38},
  year={2001},
  publisher={The Royal Society}
}


@article{wichmann2001a,
  title={The psychometric function: I. Fitting, sampling, and goodness of fit},
  author={Wichmann, Felix A and Hill, N Jeremy},
  journal={Perception \& psychophysics},
  volume={63},
  number={8},
  pages={1293--1313},
  year={2001},
  publisher={Springer}
}

@article{wichmann2001b,
  title={The psychometric function: II. Bootstrap-based confidence intervals and sampling},
  author={Wichmann, Felix A and Hill, N Jeremy},
  journal={Perception \& psychophysics},
  volume={63},
  number={8},
  pages={1314--1329},
  year={2001},
  publisher={Springer}
}

@article{prins2019too,
  title={Too much model, too little data: How a maximum-likelihood fit of a psychometric function may fail, and how to detect and avoid this},
  author={Prins, Nicolaas},
  journal={Attention, Perception, \& Psychophysics},
  volume={81},
  number={5},
  pages={1725--1739},
  year={2019},
  publisher={Springer}
}

@article{ghosh2018use,
  title={On the use of Cauchy prior distributions for Bayesian logistic regression},
  author={Ghosh, Joyee and Li, Yingbo and Mitra, Robin and others},
  journal={Bayesian Analysis},
  volume={13},
  number={2},
  pages={359--383},
  year={2018},
  publisher={International Society for Bayesian Analysis}
}

@article{boring1917chart,
  title={A chart of the psychometric function},
  author={Boring, Edwin G},
  journal={The American Journal of Psychology},
  volume={28},
  number={4},
  pages={465--470},
  year={1917},
  publisher={JSTOR}
}

@article{zchaluk2009model,
  title={Model-free estimation of the psychometric function},
  author={Zchaluk, Kamila and Foster, David H},
  journal={Attention, Perception, \& Psychophysics},
  volume={71},
  number={6},
  pages={1414--1425},
  year={2009},
  publisher={Springer}
}

@misc{britannica2014editors,
  title={The Editors of Encyclopaedia Britannica},
  author={Britannica, Encyclopaedia},
  year={2014},
  publisher={Dispersion}
}

@article{fujisaki2004recalibration,
  title={Recalibration of audiovisual simultaneity},
  author={Fujisaki, Waka and Shimojo, Shinsuke and Kashino, Makio and Nishida, Shin'ya},
  journal={Nature neuroscience},
  volume={7},
  number={7},
  pages={773--778},
  year={2004},
  publisher={Nature Publishing Group}
}

@article{vroomen2004recalibration,
  title={Recalibration of temporal order perception by exposure to audio-visual asynchrony},
  author={Vroomen, Jean and Keetels, Mirjam and De Gelder, Beatrice and Bertelson, Paul},
  journal={Cognitive brain research},
  volume={22},
  number={1},
  pages={32--35},
  year={2004},
  publisher={Elsevier}
}

@article{scurry2019aging,
  title={Aging impairs temporal sensitivity, but not perceptual synchrony, across modalities},
  author={Scurry, Alexandra N and Vercillo, Tiziana and Nicholson, Alexis and Webster, Michael and Jiang, Fang},
  journal={Multisensory Research},
  volume={32},
  number={8},
  pages={671--692},
  year={2019},
  publisher={Brill}
}

@article{vatakis2007influence,
  title={The influence of synchronous audiovisual distractors on audiovisual temporal order judgments},
  author={Vatakis, Argiro and Bayliss, Linda and Zampini, Massimiliano and Spence, Charles},
  journal={Perception \& psychophysics},
  volume={69},
  number={2},
  pages={298--309},
  year={2007},
  publisher={Springer}
}

@book{larsen2005introduction,
  title={An introduction to mathematical statistics},
  author={Larsen, Richard J and Marx, Morris L},
  year={2005},
  publisher={Prentice Hall}
}

@book{johnson2002applied,
  title={Applied multivariate statistical analysis},
  author={Johnson, Richard Arnold and Wichern, Dean W and others},
  volume={5},
  number={8},
  year={2002},
  publisher={Prentice hall Upper Saddle River, NJ}
}

@book{sheather2009modern,
  title={A modern approach to regression with R},
  author={Sheather, Simon},
  year={2009},
  publisher={Springer Science \& Business Media}
}

@book{navidi2015statistics,
  title={Statistics for engineers and scientists},
  author={Navidi, William},
  year={2015},
  publisher={McGraw-Hill Education}
}

@article{hoerl1970ridge,
  title={Ridge regression: Biased estimation for nonorthogonal problems},
  author={Hoerl, Arthur E and Kennard, Robert W},
  journal={Technometrics},
  volume={12},
  number={1},
  pages={55--67},
  year={1970},
  publisher={Taylor \& Francis Group}
}

@article{tibshirani1996regression,
  title={Regression shrinkage and selection via the lasso},
  author={Tibshirani, Robert},
  journal={Journal of the Royal Statistical Society: Series B (Methodological)},
  volume={58},
  number={1},
  pages={267--288},
  year={1996},
  publisher={Wiley Online Library}
}

@misc{popper1959logic,
  title={The logic of scientific discovery [Logik der Forschung, 1935, Vienna, Austria]},
  author={Popper, KR},
  year={1959},
  publisher={London}
}

@book{bolstad2016introduction,
  title={Introduction to Bayesian statistics},
  author={Bolstad, William M and Curran, James M},
  year={2016},
  publisher={John Wiley \& Sons}
}

@article{betancourt2017conceptual,
  title = {A conceptual introduction to Hamiltonian Monte Carlo},
  author = {Betancourt, Michael},
  journal = {arXiv preprint arXiv: 1701.02434},
  year = {2017}
}

@article{gilks1992adaptive,
  title={Adaptive rejection sampling for Gibbs sampling},
  author={Gilks, Walter R and Wild, Pascal},
  journal={Journal of the Royal Statistical Society: Series C (Applied Statistics)},
  volume={41},
  number={2},
  pages={337--348},
  year={1992},
  publisher={Wiley Online Library}
}

@article{neal2003slice,
  title={Slice sampling},
  author={Neal, Radford M},
  journal={Annals of statistics},
  pages={705--741},
  year={2003},
  publisher={JSTOR}
}

@book{leimkuhler2004simulating,
  title={Simulating hamiltonian dynamics},
  author={Leimkuhler, Benedict and Reich, Sebastian},
  volume={14},
  year={2004},
  publisher={Cambridge university press}
}

@article{vehtari2020rank,
  title={Rank-normalization, folding, and localization: An improved R-hat for assessing convergence of MCMC},
  author={Vehtari, Aki and Gelman, Andrew and Simpson, Daniel and Carpenter, Bob and B{\"u}rkner, Paul-Christian and others},
  journal={Bayesian Analysis},
  year={2020},
  publisher={International Society for Bayesian Analysis}
}

@article{gelman1992inference,
  title={Inference from iterative simulation using multiple sequences},
  author={Gelman, Andrew and Rubin, Donald B and others},
  journal={Statistical science},
  volume={7},
  number={4},
  pages={457--472},
  year={1992},
  publisher={Institute of Mathematical Statistics}
}

@book{gelman2013bayesian,
  title={Bayesian data analysis},
  author={Gelman, Andrew and Carlin, John B and Stern, Hal S and Dunson, David B and Vehtari, Aki and Rubin, Donald B},
  year={2013},
  publisher={CRC press}
}

@manual{stanref,
  title={{Stan Modeling Language Users Guide and Reference Manual}},
  author={{Stan Development Team}},
  year={2020},
  note={Version 2.25},
  url={https://mc-stan.org}
}

@article{gabry2019visualization,
  title={Visualization in Bayesian workflow},
  author={Gabry, Jonah and Simpson, Daniel and Vehtari, Aki and Betancourt, Michael and Gelman, Andrew},
  journal={Journal of the Royal Statistical Society: Series A (Statistics in Society)},
  volume={182},
  number={2},
  pages={389--402},
  year={2019},
  publisher={Wiley Online Library}
}

@article{vehtari2017practical,
  title={Practical Bayesian model evaluation using leave-one-out cross-validation and WAIC},
  author={Vehtari, Aki and Gelman, Andrew and Gabry, Jonah},
  journal={Statistics and computing},
  volume={27},
  number={5},
  pages={1413--1432},
  year={2017},
  publisher={Springer}
}

@article{miyazaki2006bayesian,
  title={Bayesian calibration of simultaneity in tactile temporal order judgment},
  author={Miyazaki, Makoto and Yamamoto, Shinya and Uchida, Sunao and Kitazawa, Shigeru},
  journal={Nature neuroscience},
  volume={9},
  number={7},
  pages={875--877},
  year={2006},
  publisher={Nature Publishing Group}
}

@article{sato2011bayesian,
  title={A bayesian model of sensory adaptation},
  author={Sato, Yoshiyuki and Aihara, Kazuyuki},
  journal={PloS one},
  volume={6},
  number={4},
  pages={e19377},
  year={2011},
  publisher={Public Library of Science}
}

@article{stocker2005sensory,
  title={Sensory adaptation within a Bayesian framework for perception},
  author={Stocker, Alan A and Simoncelli, Eero},
  journal={Advances in neural information processing systems},
  volume={18},
  pages={1289--1296},
  year={2005}
}

@article{wickham2014tidy,
  title={Tidy data},
  author={Wickham, Hadley and others},
  journal={Journal of Statistical Software},
  volume={59},
  number={10},
  pages={1--23},
  year={2014}
}

@book{lee2014bayesian,
  title={Bayesian cognitive modeling: A practical course},
  author={Lee, Michael D and Wagenmakers, Eric-Jan},
  year={2014},
  publisher={Cambridge university press}
}


@article{vehtari2015pareto,
  title={Pareto smoothed importance sampling},
  author={Vehtari, Aki and Simpson, Daniel and Gelman, Andrew and Yao, Yuling and Gabry, Jonah},
  journal={arXiv preprint arXiv:1507.02646},
  year={2015}
}


@article{fisher1934statistical,
  title={Statistical methods for research workers.},
  author={Fisher, Ronald Aylmer and others},
  journal={Statistical methods for research workers.},
  number={5th Ed},
  year={1934},
  publisher={Oliver and Boyd, Edinburgh and London}
}


@article{lindley2000philosophy,
  title={The philosophy of statistics},
  author={Lindley, Dennis V},
  journal={Journal of the Royal Statistical Society: Series D (The Statistician)},
  volume={49},
  number={3},
  pages={293--337},
  year={2000},
  publisher={Wiley Online Library}
}


@article{hoffman2014no,
  title={The No-U-Turn sampler: adaptively setting path lengths in Hamiltonian Monte Carlo.},
  author={Hoffman, Matthew D and Gelman, Andrew},
  journal={J. Mach. Learn. Res.},
  volume={15},
  number={1},
  pages={1593--1623},
  year={2014}
}
